@techreport{w3c:webrtc,
    author = {{W3C WebRTC Working Group}},
    title = {WebRTC 1.0: Real-time Communication Between Browsers},
    note = {\url{http://www.w3.org/TR/2015/WD-webrtc-20150210/}},
    year = 2015,
    month = feb
}

@techreport{cohen:bittorrent,
    author = {Cohen, Bram},
    title = {The BitTorrent Protocol Specification},
    note = {\url{http://www.bittorrent.org/beps/bep_0003.html}},
    year = 2008,
    month = jan
}

@techreport{w3c:websocket,
    author = {{W3C Web Applications Working Group}},
    title = {The WebSocket API},
    note = {\url{http://www.w3.org/TR/2012/CR-websockets-20120920/}},
    year = 2012,
    month = sep
}

@misc{whatwg:streams,
    author = {{Web Hypertext Application Technology Working Group}},
    title = {Streams Standard},
    howpublished = {\url{https://streams.spec.whatwg.org}}
}

@misc{peercdn,
    author = {{PeerCDN}},
    title = {PeerCDN},
    howpublished = {\url{https://peercdn.com}}
}
